<?xml version="1.0" encoding="UTF-8"?><record xmlns="http://www.loc.gov/MARC21/slim" xmlns:cinclude="http://apache.org/cocoon/include/1.0" xmlns:zs="http://www.loc.gov/zing/srw/">
  <leader>01936nz  a2200241n  4500</leader>
  <controlfield tag="001">n 2015035542</controlfield>
  <controlfield tag="003">DLC</controlfield>
  <controlfield tag="005">20150605113842.0</controlfield>
  <controlfield tag="008">150604n| azannaabn          |a aaa      </controlfield>
  <datafield tag="010" ind1=" " ind2=" ">
    <subfield code="a">n 2015035542</subfield>
    <subfield code="z">n  87809073 </subfield>
    <subfield code="z">n  87809075 </subfield>
    <subfield code="z">n  87809077 </subfield>
  </datafield>
  <datafield tag="040" ind1=" " ind2=" ">
    <subfield code="a">DLC</subfield>
    <subfield code="b">eng</subfield>
    <subfield code="e">rda</subfield>
    <subfield code="c">DLC</subfield>
    <subfield code="d">DLC</subfield>
  </datafield>
  <datafield tag="100" ind1="1" ind2=" ">
    <subfield code="a">Scappi, Bartolomeo.</subfield>
    <subfield code="t">Works</subfield>
  </datafield>
  <datafield tag="400" ind1="1" ind2=" ">
    <subfield code="a">Scappi, Bartolomeo.</subfield>
    <subfield code="t">Opera</subfield>
  </datafield>
  <datafield tag="400" ind1="1" ind2=" ">
    <subfield code="a">Scappi, Bartolomeo.</subfield>
    <subfield code="t">Opera dell'arte del cucinare</subfield>
  </datafield>
  <datafield tag="400" ind1="1" ind2=" ">
    <subfield code="a">Scappi, Bartolomeo.</subfield>
    <subfield code="t">Opera di Bartolomeo Scappi</subfield>
  </datafield>
  <datafield tag="400" ind1="1" ind2=" ">
    <subfield code="a">Scappi, Bartolomeo.</subfield>
    <subfield code="t">Opera di m. Bartolomeo Scappi</subfield>
  </datafield>
  <datafield tag="400" ind1="1" ind2=" ">
    <subfield code="a">Scappi, Bartolomeo.</subfield>
    <subfield code="t">Epulario</subfield>
  </datafield>
  <datafield tag="400" ind1="1" ind2=" ">
    <subfield code="w">nnea</subfield>
    <subfield code="a">Scappi, Bartolomeo.</subfield>
    <subfield code="t">Works.</subfield>
    <subfield code="f">1596</subfield>
  </datafield>
  <datafield tag="400" ind1="1" ind2=" ">
    <subfield code="w">nnea</subfield>
    <subfield code="a">Scappi, Bartolomeo.</subfield>
    <subfield code="t">Works.</subfield>
    <subfield code="f">1605</subfield>
  </datafield>
  <datafield tag="400" ind1="1" ind2=" ">
    <subfield code="w">nnea</subfield>
    <subfield code="a">Scappi, Bartolomeo.</subfield>
    <subfield code="t">Works.</subfield>
    <subfield code="f">1610</subfield>
  </datafield>
  <datafield tag="670" ind1=" " ind2=" ">
    <subfield code="a">The Opera of Bartolomeo Scappi (1570), c 2008:</subfield>
    <subfield code="b">p. 27 (the first edition, published in Venice, 1570, "it is named simply that, the Work: Opera di M. Bartolomeo Scappi ..."; it has also been referred to as entitled: Epulario, likely as a generic term; footnote 43, "The Latin word opera is a plural (of opus), denoting in effect a collective: 'the collected works [of] ...'") p. 32 (full title: Opera di M. Bartolomeo Scappi, cuoco secreto di Papa Pio Quinto, divisi in sei libre; the title page then continues to describe the contents of each section)</subfield>
  </datafield>
  <datafield tag="670" ind1=" " ind2=" ">
    <subfield code="a">Wikipedia, viewed June 4, 2015</subfield>
    <subfield code="b">under Bartolomeo Scappi (Opera dell'arte del cucinare, published in 1570; title on facsimile of the 1622 edition: Opera di Bartolomeo Scappi; has been translated in Spanish as Libro de cozina (1599) and in Dutch as Koocboec oft familieren keukenboec (1612) by Antonius Magirus)</subfield>
  </datafield>
  <datafield tag="670" ind1=" " ind2=" ">
    <subfield code="a">LC data base, viewed June 5, 2015</subfield>
    <subfield code="b">(several catalog entries of publications of Bartolomeo Scappi, under titles: Opera di m. Bartolomeo Scappi; Opera dell'arte del cucinare, which appears to be an excerpt; uniform titles assigned: Works (with various dates); and Opera)</subfield>
  </datafield>
</record>